@misc{riegel2020logical,
      title={Logical Neural Networks}, 
      author={Ryan Riegel and Alexander Gray and Francois Luus and Naweed Khan and Ndivhuwo Makondo and Ismail Yunus Akhalwaya and Haifeng Qian and Ronald Fagin and Francisco Barahona and Udit Sharma and Shajith Ikbal and Hima Karanam and Sumit Neelam and Ankita Likhyani and Santosh Srivastava},
      year={2020},
      eprint={2006.13155},
      archivePrefix={arXiv},
      primaryClass={cs.AI}
}

@misc{garcez2020neurosymbolic,
      title={Neurosymbolic AI: The 3rd Wave}, 
      author={Artur d'Avila Garcez and Luis C. Lamb},
      year={2020},
      eprint={2012.05876},
      archivePrefix={arXiv},
      primaryClass={cs.AI}
}